<?xml version="1.0" encoding="UTF-8"?><collection xmlns="http://www.loc.gov/MARC21/slim"><record><leader>00453nam--2200169-i-4500</leader><controlfield tag="001">000024953</controlfield><controlfield tag="002">20161230</controlfield><controlfield tag="005">20161230201035</controlfield><controlfield tag="008">060222s1000------------r-----000-0-eng-d</controlfield><datafield ind1=" " ind2=" " tag="040"><subfield code="a">IFIN-HH</subfield></datafield><datafield ind1=" " ind2=" " tag="080"><subfield code="a">53:530.145.6</subfield></datafield><datafield ind1="1" ind2=" " tag="100"><subfield code="a">Anderson, Elmer E</subfield></datafield><datafield ind1="1" ind2="0" tag="245"><subfield code="a">Modern physics and quantum mechanics</subfield><subfield code="c">Elmer e. anderson</subfield></datafield><datafield ind1=" " ind2=" " tag="260"><subfield code="a">Philadelphia</subfield><subfield code="b">W.B.Saunders Comp</subfield><subfield code="c">1971</subfield></datafield><datafield ind1=" " ind2=" " tag="300"><subfield code="a">XI + 430 P</subfield></datafield><datafield ind1=" " ind2=" " tag="852"><subfield code="a">36381</subfield><subfield code="c">53</subfield></datafield><datafield ind1=" " ind2=" " tag="CAT"><subfield code="a">Sys</subfield><subfield code="c">20150311</subfield><subfield code="h">113924</subfield></datafield></record></collection>